@Manual{OSFolsomInstallUbuntu1210,
title = {OpenStack Install and Deploy Manual - Ubuntu},
url={http://docs.openstack.org/folsom/openstack-compute/install/apt/content/},
organization = {OpenStack Foundation},
month = {November},
year = {2012},
}

@Manual{OSFolsomInstallCentOS,
title = {OpenStack Install and Deploy Manual - Red Hat},
url={http://docs.openstack.org/folsom/openstack-compute/install/yum/content/},
organization = {OpenStack Foundation},
month = {November},
year = {2012},
}

@online{SolarisSMF,
author = {Masoud Kalali},
title = {Writing Solaris SMF service manifest},
month = {January},
year = {2011},
url = {http://kalali.me/authoring-solaris-service-management-facility-smf-service-manifest/},
}
